@Book{XU-WUNSCH2009,
  author = "Rui Xu and Donald C. Wunsch",
  title = "Clustering",
  publisher = "Wiley",
  year = 2009,
  numpages = 364,
  language = "english"
}

@INPROCEEDINGS{CoMa2003,
 author       = "S. Coppock and L. Mazlack",
 title        = "Rough sets used in the measurement of similarity of mixed mode data",
 booktitle    = "Proceedings of 22nd International Conference of the North American (NAFIPS-2003)",
 address      = "Chicago, USA",
 year         = "24--26 Jul 2003",
 pages        = "197--201",
 language     = "english"
}

@misc{Asuncion+Newman:2007,
 author = "Asuncion, A. and Newman, D.J.",
 year = "2007",
 title = "{UCI} Machine Learning Repository",
 url = "http://archive.ics.uci.edu/ml/",
 institution = "University of California, Irvine, School of Information and Computer Sciences",
 language  = "english"
}


@Book{Zah1999,
  author    = "Загоруйко, Н.Г.",
  title     = "Прикладные методы анализа данных и знаний",
  publisher = "Новосибирск: ИМ СО РАН",
  year      = 1999,
  numpages  = 270,
  language  = "russian"
}


@article{DeGh2008,
  author    = {Dean, Jeffrey and Ghemawat, Sanjay},
  title     = {MapReduce: simplified data processing on large clusters},
  journal   = {Commun. ACM},
  volume    = {51},
  number    = {1},
  year      = {2008},
  issn      = {0001-0782},
  pages     = {107--113},
  doi       = {http://doi.acm.org/10.1145/1327452.1327492},
  publisher = {ACM},
  address   = {New York, NY, USA},
  language     = "english"
}

@INPROCEEDINGS{Ode2006,
    author = {Martin Odersky},
    title = {Event-based Programming without Inversion of Control},
    booktitle = {In Proc. Joint Modular Languages Conference (2006), Springer LNCS},
    year = {2006},
    pages = {4--22},
    publisher = {Springer},
    language     = "english"
}

@INPROCEEDINGS{Ode2007,
  author    = {Martin Odersky},
  title     = {Actors that Unify Threads and Events},
  booktitle = {In International Conference on Coordination Models and Languages, LNCS},
  year      = {2007},
  pages     = {171--190},
  publisher = {Springer-Verlang},
  language     = "english"
}

@Book{OdSpVe2008,
  author      = "Odersky, Martin and Spoon, Lex and Venners, Bill",
  title       = "Programming in Scala: A Comprehensive Step-by-step Guide",
  edition     = "1st",  
  publisher   = "Artima Inc",
  year        = "2008",
  numpages    = 776,
  language    = "english"
}

@Book{WaPa2009,
  author      = "Wampler, Dean and Payne, Alex",
  title       = "Programming Scala: Scalability = Functional Programming + Objects",
  edition     = "1st",  
  publisher   = "O'Reilly Media",
  year        = "2009",
  numpages    = 448,
  language    = "english"
}

@Book{GoPeBl2006,
  author      = "Goetz, Brian and Peierls, Tim and Bloch, Joshua",
  title       = "Java Concurrency in Practice",  
  publisher   = "Addison-Wesley Professional",
  year        = "2006",
  numpages    = 384,
  language    = "english"
}

@article{Cab1996,
  author    = {McCabe, Thomas J.},
  title     = {Cyclomatic Complexity and the Year 2000},
  journal   = {IEEE Software},
  volume    = {13},
  number    = {3},
  year      = {1996},
  pages     = {115-117},
  ee        = {http://www.computer.org:80/software/so1996/s3115abs.htm},
  bibsource = {DBLP, http://dblp.uni-trier.de}
}

@Book{ChGa2006,
  author      = "Bauer, Christian and King, Gavin",
  title       = "Java Persistence with Hibernate",  
  publisher   = "Manning Publications",
  year        = "2006",
  numpages    = 904,
  language    = "english"
}

@PHDTHESIS{Fie2000,
  author   = "Fielding, Roy T.",
  title    = "Architectural styles and the design of network-based software architectures",
  type     = "PhD Thesis",
  address  = "University of California, Irvine, USA",
  year     = 2000,
  url      = {http://www.ics.uci.edu/~fielding/pubs/dissertation/top.htm},
  language = "english"
}